<?xml version="1.0" encoding="UTF-8"?><collection xmlns="http://www.loc.gov/MARC21/slim"><record><leader>00554nam--2200181-i-4500</leader><controlfield tag="001">000011765</controlfield><controlfield tag="002">20161230</controlfield><controlfield tag="005">20161230201029</controlfield><controlfield tag="008">060222s1000------------r-----000-0-fre-d</controlfield><datafield ind1=" " ind2=" " tag="040"><subfield code="a">IFIN-HH</subfield></datafield><datafield ind1=" " ind2=" " tag="041"><subfield code="a">fre</subfield></datafield><datafield ind1=" " ind2=" " tag="080"><subfield code="a">535.33-1(043)</subfield></datafield><datafield ind1="1" ind2=" " tag="100"><subfield code="a">Cuisenier, Maximilien</subfield></datafield><datafield ind1="1" ind2="0" tag="245"><subfield code="a">Etude et realisaton d un collecteur de 4,20 m destine a la spectrometrie de fourier dans l'infra-rouge proche</subfield><subfield code="b">These</subfield><subfield code="c">Maximilien cuisenier</subfield></datafield><datafield ind1=" " ind2=" " tag="260"><subfield code="a">Paris</subfield><subfield code="b">Universite De Paris</subfield><subfield code="c">1974</subfield></datafield><datafield ind1=" " ind2=" " tag="300"><subfield code="a">165p</subfield></datafield><datafield ind1=" " ind2=" " tag="852"><subfield code="a">43387</subfield><subfield code="c">535.33</subfield></datafield><datafield ind1=" " ind2=" " tag="CAT"><subfield code="a">Sys</subfield><subfield code="c">20101207</subfield><subfield code="h">112611</subfield></datafield></record></collection>